@inproceedings{glove_paper,
  author = {Jeffrey Pennington and Richard Socher and Christopher D. Manning},
  booktitle = {Empirical Methods in Natural Language Processing (EMNLP)},
  title = {GloVe: Global Vectors for Word Representation},
  year = {2014},
  pages = {1532--1543},
  url = {http://www.aclweb.org/anthology/D14-1162},
}

@article{cnn_paper,
  author    = {Yoon Kim},
  title     = {Convolutional Neural Networks for Sentence Classification},
  journal   = {CoRR},
  volume    = {abs/1408.5882},
  year      = {2014},
  url       = {http://arxiv.org/abs/1408.5882},
  timestamp = {Wed, 07 Jun 2017 14:40:07 +0200},
  url    = {http://dblp.uni-trier.de/rec/bib/journals/corr/Kim14f}
}

@misc{nltk_blog,
author = {Laurent Luce},
title = {Twitter sentiment analysis using Python and NLTK},
type = {Blog},
number = {January 2},
year = {2012},
howpublished = {\url{http://www.laurentluce.com/posts/twitter-sentiment-analysis-using-python-and-nltk/}}
}

@misc{cnn_base,
author = {Daniele Grattarola},
title = {Twitter sentiment analysis using Python and NLTK},
type = {Github},
number = {April 22},
year = {2016},
howpublished = {\url{https://gitlab.com/danielegrattarola/twitter-sentiment-cnn}}
}